
@phdthesis{barbero_fresno_desarrollo_2018,
	title = {Desarrollo de un modelo teórico para la caracterización del rendimiento térmico en colectores solares. {Aplicación} a tecnologías de generación eléctrica},
	url = {http://e-spacio.uned.es/fez/eserv/tesisuned:ED-Pg-TecInd-Rbarbero/BARBERO_FRESNO_Ruben_Tesis.pdf},
	urldate = {2020-05-12},
	school = {Universidad Nacional de Educación a Distancia},
	author = {Barbero Fresno, Rubén},
	year = {2018},
	file = {BARBERO_FRESNO_Ruben_Tesis.pdf:C\:\\Users\\paco\\Zotero\\storage\\A3YZUXJT\\BARBERO_FRESNO_Ruben_Tesis.pdf:application/pdf}
}
@article{osti_5057828,
title = {Evaluation of flat-plate solar collector performance},
author = {Hottel, H and Whillier, A},
abstractNote = {},
doi = {},
journal = {Trans. Conf. Use of Solar Energy; ()},
number = ,
volume = 3 (Thermal Processes) Part 2,
place = {United States},
year = {1955},
month = {1}
}
