@article{Barbero2016,
	Author = {Rubén Barbero, Antonio Rovira, María José Montes, José María Martínez Val},
	Journal = {Energy Conversion and Management},
	Pages = {498- 511},
	doi = {10.1016/j.enconman.2016.06.065},
	Title = {A new approach for the prediction of thermal efficiency in solar receivers},
	Volume = {123},
	Year = {2016}}
